<collection xmlns="http://www.loc.gov/MARC21/slim">
<record>
  <leader>01090nam0a22002411i 450 </leader>
  <controlfield tag="001">IT\ICCU\CNCE\049415</controlfield>
  <controlfield tag="005">20060918000000.0</controlfield>
  <datafield tag="100" ind1=" " ind2=" ">
    <subfield code="a">19991022d1590        0itac0103    ba</subfield>
  </datafield>
  <datafield tag="101" ind1=" " ind2=" ">
    <subfield code="a">LAT</subfield>
  </datafield>
  <datafield tag="102" ind1=" " ind2=" ">
    <subfield code="a">IT</subfield>
  </datafield>
  <datafield tag="200" ind1="1" ind2=" ">
    <subfield code="a">℗Iacobi Pontani ℗De societate Iesv progymnasmatvm latinitatis, sive dialogorvm. Volumen secundum de morvm perfectione cum annotationibus et duplici indice, ac germanicarum vocum in Italicum versione</subfield>
  </datafield>
  <datafield tag="210" ind1=" " ind2=" ">
    <subfield code="a">Romae</subfield>
    <subfield code="c">apud Gasparem Ruspam</subfield>
    <subfield code="d">1590</subfield>
    <subfield code="e">Romae</subfield>
    <subfield code="g">excudebat Franciscus Coattinus</subfield>
    <subfield code="h">1590</subfield>
  </datafield>
  <datafield tag="215" ind1=" " ind2=" ">
    <subfield code="a">\16!, 537, \16! p.</subfield>
    <subfield code="d">8ʻ</subfield>
  </datafield>
  <datafield tag="300" ind1=" " ind2=" ">
    <subfield code="a">Accorpato a CNC 66749</subfield>
  </datafield>
  <datafield tag="620" ind1=" " ind2=" ">
    <subfield code="a">IT</subfield>
    <subfield code="d">Roma</subfield>
  </datafield>
  <datafield tag="700" ind1=" " ind2="1">
    <subfield code="a">Pontanus,</subfield>
    <subfield code="b">Jakob</subfield>
    <subfield code="3">IT\ICCU\CNCA\008435</subfield>
  </datafield>
  <datafield tag="712" ind1="0" ind2="0">
    <subfield code="a">Ruspa, Gaspare</subfield>
    <subfield code="3">IT\ICCU\CNCT\001667</subfield>
    <subfield code="4">650</subfield>
  </datafield>
  <datafield tag="712" ind1="0" ind2="0">
    <subfield code="a">Coattino, Francesco</subfield>
    <subfield code="3">IT\ICCU\CNCT\000859</subfield>
    <subfield code="4">650</subfield>
  </datafield>
  <datafield tag="790" ind1=" " ind2="1">
    <subfield code="a">Spanmller,</subfield>
    <subfield code="b">Jakob</subfield>
    <subfield code="3">IT\ICCU\CNCA\017434</subfield>
    <subfield code="z">Pontanus, Jakob</subfield>
  </datafield>
  <datafield tag="791" ind1="0" ind2="0">
    <subfield code="a">Coattinus, Franciscus</subfield>
    <subfield code="3">IT\ICCU\CNCT\004622</subfield>
    <subfield code="z">Coattino, Francesco</subfield>
  </datafield>
  <datafield tag="791" ind1="0" ind2="0">
    <subfield code="a">Coattini, Francesco</subfield>
    <subfield code="3">IT\ICCU\CNCT\004623</subfield>
    <subfield code="z">Coattino, Francesco</subfield>
  </datafield>
  <datafield tag="801" ind1=" " ind2="3">
    <subfield code="a">IT</subfield>
    <subfield code="b">ICCU</subfield>
    <subfield code="c">20201115</subfield>
  </datafield>
  <datafield tag="899" ind1=" " ind2=" ">
    <subfield code="a">Biblioteca Angelica. Roma</subfield>
    <subfield code="1">RM0290</subfield>
    <subfield code="2">RML 06</subfield>
  </datafield>
</record>
</collection>
